<holding>
<holding_id>HOLDING_ID</holding_id>
<created_by>CREATED_BY</created_by>
<created_date>CREATED_DATE</created_date>
<last_modified_by>LAST_MODIFIED_BY</last_modified_by>
<last_modified_date>LAST_MODIFIED_DATE</last_modified_date>
<suppress_from_publishing>false</suppress_from_publishing>
<calculated_suppress_from_publishing>false</calculated_suppress_from_publishing>
<record>
    <!-- COMMENT: The above element is constant. Each thesis description is wrapped in this element.-->
  
     <leader>LEADER</leader>
        <!-- COMMENT: The above element is constant.-->
  
     <controlfield tag="008">FIELD_008</controlfield>
  
     <datafield tag="035" ind1=" " ind2=" ">
            <subfield code="a">(ProQuestETD)PROQUEST_IDENTIFIER_VALUE</subfield>
     </datafield>
      
     <datafield tag="245" ind1="1" ind2="TITLE_INDICATOR_2_VALUE">
            <subfield code="a">TITLE_VALUE</subfield>
     </datafield>
        <!-- COMMENT: VARIABLES are in ALL CAPS.
            All other text is constant including spaces and punctuaion.
            The TITLE_INDICATOR_2_VALUE is determined from the TITLE VALUE
            as input to the Title Indicator table -->
             
     <datafield tag="337" ind1=" " ind2=" ">
         <subfield code="a">computer</subfield>
         <subfield code="b">c</subfield>
         <subfield code="2">rdamedia</subfield>
     </datafield> 
     <!-- COMMENT: The above element is constant.-->
  
     <datafield tag="338" ind1=" " ind2=" ">
         <subfield code="a">online resource</subfield>
         <subfield code="b">cr</subfield>
         <subfield code="2">rdacarrier</subfield>
     </datafield>
     <!-- COMMENT: The above element is constant.-->         
 
    <datafield tag="852" ind1="7" ind2=" ">
      <subfield code="b">LIB_CODE_3_CHAR</subfield>
      <subfield code="c">NET</subfield>
      <subfield code="z">Preservation object, [DRS OBJECT URN]</subfield>
      <subfield code="2">ZHCL</subfield>    
    </datafield>   
     
    <datafield tag="506" ind1="0" ind2=" ">
      <subfield code="a">Open for research. Contact the Harvard University Archives about on-site viewing or obtaining a copy.</subfield>
    </datafield> 
 
    <datafield tag="583" ind1="1" ind2=" ">
         <subfield code="j">Harvard University Library</subfield>
         <subfield code="l">committed to preserve</subfield>
         <subfield code="5">MH</subfield>
    </datafield>
 
     <datafield tag="909" ind1=" " ind2=" ">
        <subfield code="k">netLIB_CODE_3_CHAR</subfield>
     </datafield>
      
</record>
</holding>